[gd_scene load_steps=7 format=2]

[ext_resource path="res://assets/back_btn.png" type="Texture" id=1]
[ext_resource path="res://assets/btn_lvl_1.png" type="Texture" id=2]
[ext_resource path="res://assets/btn_lvl_2.png" type="Texture" id=3]
[ext_resource path="res://assets/btn_lvl_3.png" type="Texture" id=4]
[ext_resource path="res://assets/bg_level.png" type="Texture" id=5]
[ext_resource path="res://scene/MenuLevel.gd" type="Script" id=6]

[node name="MenuLevel" type="Control"]
anchor_right = 1.0
anchor_bottom = 1.0
script = ExtResource( 6 )
__meta__ = {
"_edit_use_anchors_": false
}

[node name="BG" type="TextureRect" parent="."]
anchor_left = 0.5
anchor_top = 0.5
anchor_right = 0.5
anchor_bottom = 0.5
margin_left = -250.0
margin_top = -411.5
margin_right = 250.0
margin_bottom = 411.5
texture = ExtResource( 5 )
__meta__ = {
"_edit_use_anchors_": false
}

[node name="Back" type="Button" parent="."]
anchor_left = 0.5
anchor_top = 1.0
anchor_right = 0.5
anchor_bottom = 1.0
margin_left = -145.0
margin_top = -116.0
margin_right = 145.0
margin_bottom = -32.0
rect_min_size = Vector2( 290, 84 )
focus_mode = 0
shortcut_in_tooltip = false
enabled_focus_mode = 0
flat = true
__meta__ = {
"_edit_group_": true,
"_edit_use_anchors_": false
}

[node name="TextureRect" type="TextureRect" parent="Back"]
anchor_left = 0.5
anchor_top = 0.5
anchor_right = 0.5
anchor_bottom = 0.5
margin_left = -168.5
margin_top = -53.5
margin_right = 168.5
margin_bottom = 77.5
texture = ExtResource( 1 )
__meta__ = {
"_edit_use_anchors_": false
}

[node name="LevelsContainer" type="VBoxContainer" parent="."]
anchor_left = 0.5
anchor_top = 0.5
anchor_right = 0.5
anchor_bottom = 0.5
margin_left = -163.0
margin_top = -176.0
margin_right = 163.0
margin_bottom = 176.0
custom_constants/separation = 50
__meta__ = {
"_edit_group_": true,
"_edit_use_anchors_": false
}

[node name="BtnLVL1" type="Button" parent="LevelsContainer"]
margin_right = 326.0
margin_bottom = 84.0
rect_min_size = Vector2( 326, 84 )
flat = true
__meta__ = {
"_edit_group_": true
}

[node name="TextureRect" type="TextureRect" parent="LevelsContainer/BtnLVL1"]
anchor_left = 0.5
anchor_top = 0.5
anchor_right = 0.5
anchor_bottom = 0.5
margin_left = -205.5
margin_top = -91.0
margin_right = 205.5
margin_bottom = 135.0
mouse_filter = 2
texture = ExtResource( 2 )
__meta__ = {
"_edit_use_anchors_": false
}

[node name="BtnLVL2" type="Button" parent="LevelsContainer"]
margin_top = 134.0
margin_right = 326.0
margin_bottom = 218.0
rect_min_size = Vector2( 326, 84 )
focus_mode = 0
shortcut_in_tooltip = false
enabled_focus_mode = 0
flat = true
__meta__ = {
"_edit_group_": true
}

[node name="TextureRect" type="TextureRect" parent="LevelsContainer/BtnLVL2"]
anchor_left = 0.5
anchor_top = 0.5
anchor_right = 0.5
anchor_bottom = 0.5
margin_left = -205.5
margin_top = -91.0
margin_right = 205.5
margin_bottom = 135.0
mouse_filter = 2
texture = ExtResource( 3 )
__meta__ = {
"_edit_use_anchors_": false
}

[node name="BtnLVL3" type="Button" parent="LevelsContainer"]
margin_top = 268.0
margin_right = 326.0
margin_bottom = 352.0
rect_min_size = Vector2( 326, 84 )
focus_mode = 0
shortcut_in_tooltip = false
enabled_focus_mode = 0
flat = true
__meta__ = {
"_edit_group_": true
}

[node name="TextureRect" type="TextureRect" parent="LevelsContainer/BtnLVL3"]
anchor_left = 0.5
anchor_top = 0.5
anchor_right = 0.5
anchor_bottom = 0.5
margin_left = -205.5
margin_top = -91.0
margin_right = 205.5
margin_bottom = 135.0
mouse_filter = 2
texture = ExtResource( 4 )
__meta__ = {
"_edit_use_anchors_": false
}
